@inproceedings{Mueller:2004:PBA,
    author = {Matthias M\"{u}ller and Richard Keiser and
              Andrew Nealen and Mark Pauly and Markus Gross
              and Marc Alexa},
    title = {Point Based Animation of Elastic, Plastic
             and Melting Objects},
    booktitle = {The Proceedings of the ACM/Eurographics
                 {S}ymposium on Computer {A}nimation},
    year = {2004},
    optmonth = {Aug},
    pages = {141--151},
}

@inproceedings{Gerszewski:2009:APB,
 author = {Dan Gerszewski and Haimasree Bhattacharya and Adam W. Bargteil},
 title = {A Point-based Method for Animating Elastoplastic Solids},
 booktitle = {Proceedings of the ACM SIGGRAPH/Eurographics Symposium on Computer Animation},
 year = {2009},
 month = {Aug},
 location = {New Orleans,Louisiana}
}


@misc{us,
author = {Ben Jones and Stephen Ward and Ashok Jallepalli and Joseph Perenia and Adam Bargteil},
title = {Deformation Embedding for Point-Based Elastoplastic Simulation},
year = {2012},
 url = {www.cs.utah.edu/~benjones/secret/monalisa.pdf},
note = {Under review for SIGGRAPH 2012, available at www.cs.utah.edu/\textasciitilde benjones/secret/monalisa.pdf }
}